<?xml version="1.0" encoding="UTF-8"?>
  <record xmlns="http://www.loc.gov/MARC21/slim" type="Authority">
    <leader>00000nz  a2200000oc 4500</leader>
    <controlfield tag="001">1208671820</controlfield>
    <controlfield tag="003">DE-101</controlfield>
    <controlfield tag="005">20220223131147.0</controlfield>
    <controlfield tag="008">200420n||aznnnaabn           | aaa    |c</controlfield>
    <datafield tag="024" ind1="7" ind2=" ">
      <subfield code="a">1208671820</subfield>
      <subfield code="0">http://d-nb.info/gnd/1208671820</subfield>
      <subfield code="2">gnd</subfield>
    </datafield>
    <datafield tag="035" ind1=" " ind2=" ">
      <subfield code="a">(DE-101)1208671820</subfield>
    </datafield>
    <datafield tag="035" ind1=" " ind2=" ">
      <subfield code="a">(DE-588)1208671820</subfield>
    </datafield>
    <datafield tag="040" ind1=" " ind2=" ">
      <subfield code="a">DE-24</subfield>
      <subfield code="c">DE-24</subfield>
      <subfield code="9">r:DE-576</subfield>
      <subfield code="b">ger</subfield>
      <subfield code="d">2214</subfield>
      <subfield code="e">rda</subfield>
    </datafield>
    <datafield tag="042" ind1=" " ind2=" ">
      <subfield code="a">gnd3</subfield>
    </datafield>
    <datafield tag="043" ind1=" " ind2=" ">
      <subfield code="c">XA-DE</subfield>
    </datafield>
    <datafield tag="075" ind1=" " ind2=" ">
      <subfield code="b">p</subfield>
      <subfield code="2">gndgen</subfield>
    </datafield>
    <datafield tag="075" ind1=" " ind2=" ">
      <subfield code="b">piz</subfield>
      <subfield code="2">gndspec</subfield>
    </datafield>
    <datafield tag="079" ind1=" " ind2=" ">
      <subfield code="a">g</subfield>
      <subfield code="q">f</subfield>
    </datafield>
    <datafield tag="100" ind1="1" ind2=" ">
      <subfield code="a">Bilger, Johann Christoph</subfield>
      <subfield code="d">1658-1704</subfield>
    </datafield>
    <datafield tag="375" ind1=" " ind2=" ">
      <subfield code="a">1</subfield>
      <subfield code="2">iso5218</subfield>
    </datafield>
    <datafield tag="400" ind1="1" ind2=" ">
      <subfield code="a">Bilger, Johannes Christophorus</subfield>
      <subfield code="d">1658-1704</subfield>
    </datafield>
    <datafield tag="400" ind1="1" ind2=" ">
      <subfield code="a">Bilgerus, Johannes Christophorus</subfield>
      <subfield code="d">1658-1704</subfield>
    </datafield>
    <datafield tag="500" ind1="1" ind2=" ">
      <subfield code="0">(DE-101)123572894</subfield>
      <subfield code="0">(DE-588)123572894</subfield>
      <subfield code="0">https://d-nb.info/gnd/123572894</subfield>
      <subfield code="a">Bilger, Johann Friedrich</subfield>
      <subfield code="d">1625-1708</subfield>
      <subfield code="4">bezf</subfield>
      <subfield code="4">https://d-nb.info/standards/elementset/gnd#familialRelationship</subfield>
      <subfield code="w">r</subfield>
      <subfield code="i">Beziehung familiaer</subfield>
      <subfield code="e">Beziehung familiaer</subfield>
      <subfield code="9">v:Vater</subfield>
    </datafield>
    <datafield tag="500" ind1="1" ind2=" ">
      <subfield code="0">(DE-101)1080216170</subfield>
      <subfield code="0">(DE-588)1080216170</subfield>
      <subfield code="0">https://d-nb.info/gnd/1080216170</subfield>
      <subfield code="a">Bilger, Johann Friedrich</subfield>
      <subfield code="d">1654-1717</subfield>
      <subfield code="4">bezf</subfield>
      <subfield code="4">https://d-nb.info/standards/elementset/gnd#familialRelationship</subfield>
      <subfield code="w">r</subfield>
      <subfield code="i">Beziehung familiaer</subfield>
      <subfield code="e">Beziehung familiaer</subfield>
      <subfield code="9">v:Bruder</subfield>
    </datafield>
    <datafield tag="548" ind1=" " ind2=" ">
      <subfield code="a">1658-1704</subfield>
      <subfield code="4">datl</subfield>
      <subfield code="4">https://d-nb.info/standards/elementset/gnd#dateOfBirthAndDeath</subfield>
      <subfield code="w">r</subfield>
      <subfield code="i">Lebensdaten</subfield>
      <subfield code="9">v:Geburtsjahr circa</subfield>
    </datafield>
    <datafield tag="550" ind1=" " ind2=" ">
      <subfield code="0">(DE-101)040031578</subfield>
      <subfield code="0">(DE-588)4003157-3</subfield>
      <subfield code="0">https://d-nb.info/gnd/4003157-3</subfield>
      <subfield code="a">Arzt</subfield>
      <subfield code="4">berc</subfield>
      <subfield code="4">https://d-nb.info/standards/elementset/gnd#professionOrOccupation</subfield>
      <subfield code="w">r</subfield>
      <subfield code="i">Charakteristischer Beruf</subfield>
    </datafield>
    <datafield tag="551" ind1=" " ind2=" ">
      <subfield code="0">(DE-101)040302342</subfield>
      <subfield code="0">(DE-588)4030234-9</subfield>
      <subfield code="0">https://d-nb.info/gnd/4030234-9</subfield>
      <subfield code="a">Kempten (Allgäu)</subfield>
      <subfield code="4">ortg</subfield>
      <subfield code="4">https://d-nb.info/standards/elementset/gnd#placeOfBirth</subfield>
      <subfield code="w">r</subfield>
      <subfield code="i">Geburtsort</subfield>
    </datafield>
    <datafield tag="551" ind1=" " ind2=" ">
      <subfield code="0">(DE-101)040582825</subfield>
      <subfield code="0">(DE-588)4058282-6</subfield>
      <subfield code="0">https://d-nb.info/gnd/4058282-6</subfield>
      <subfield code="a">Stuttgart</subfield>
      <subfield code="4">orts</subfield>
      <subfield code="4">https://d-nb.info/standards/elementset/gnd#placeOfDeath</subfield>
      <subfield code="w">r</subfield>
      <subfield code="i">Sterbeort</subfield>
    </datafield>
    <datafield tag="670" ind1=" " ind2=" ">
      <subfield code="a">Pfeilsticker: Württembergisches Dienerbuch</subfield>
    </datafield>
    <datafield tag="670" ind1=" " ind2=" ">
      <subfield code="a">Gelegenheitsschrift zum Tod Johann Christoph Bilgers</subfield>
    </datafield>
    <datafield tag="670" ind1=" " ind2=" ">
      <subfield code="a">Leichenpredigt Johann Friedrich Bilger</subfield>
    </datafield>
    <datafield tag="670" ind1=" " ind2=" ">
      <subfield code="a">Pistorius, Johann Friedrich: Burckhardtische Genealogie, oder Stamm-Baum ... 1774, S. 24</subfield>
    </datafield>
    <datafield tag="670" ind1=" " ind2=" ">
      <subfield code="a">Württembergische Kirchengeschichte online: www.wkgo.de</subfield>
    </datafield>
    <datafield tag="678" ind1=" " ind2=" ">
      <subfield code="b">Stadtphysicus ab 1699, Hofmedicus in Stuttgart ab 1702. - Begräbnis: 27.05.1704. - Heirat: 07.02.1682, Schorndorf: Regine Bardili (31.05.1665 - Januar 1736, Tochter von Johann Joachim Bardili 1633 - 1705, Abt in Blaubeuren, 2. Ehemann: Andreas Ingelstetter, + 1711, fürstl. württembergischer Rat). - Mutter: Elisabeth Bilger, geb. Dorn (Tochter von Johann Ulrich Dorn, Bürgermeister). - Bruder: Johann Friedrich Bilger (Arzt in Esslingen, Sohn: Philipp Friedrich Bilger). Schwestern: Elisabetha (Ehemann: Bartholomaeus König, J.U.L., Syndicus). Sabina (1. Ehemann: Wolff Leonhard Jenisch, Handeslsmann, Gerichtsbeisitzer, 2. Ehemann: Christoph Raymund Schifflin, Prediger in Augsburg)</subfield>
    </datafield>
  </record>
